<record><leader>02352nam a2200433 i 4500</leader><controlfield tag="001">6784295</controlfield><controlfield tag="003">CaPaEBR</controlfield><controlfield tag="005">20141207112741.0</controlfield><controlfield tag="006">m    eo  d        </controlfield><controlfield tag="007">cr cn |||m|||a</controlfield><controlfield tag="008">141207s2015    nyu    foab   001 0 eng d</controlfield><datafield ind1=" " ind2=" " tag="020"><subfield code="a">9781606496770</subfield><subfield code="q">e-book</subfield></datafield><datafield ind1=" " ind2=" " tag="020"><subfield code="z">9781606496763</subfield><subfield code="q">paperback</subfield></datafield><datafield ind1=" " ind2=" " tag="039"><subfield code="a">exclude</subfield></datafield><datafield ind1=" " ind2=" " tag="040"><subfield code="a">CaBNVSL</subfield><subfield code="b">eng</subfield><subfield code="e">rda</subfield><subfield code="c">CaBNVSL</subfield><subfield code="d">CaBNVSL</subfield><subfield code="d">AEU</subfield></datafield><datafield ind1=" " ind2="4" tag="050"><subfield code="a">HB172.5</subfield><subfield code="b">.T845 2015</subfield></datafield><datafield ind1="0" ind2="4" tag="082"><subfield code="a">339</subfield><subfield code="2">23</subfield></datafield><datafield ind1=" " ind2=" " tag="090"><subfield code="a">Internet Access</subfield><subfield code="b">AEU</subfield></datafield><datafield ind1="1" ind2=" " tag="100"><subfield code="a">Tuerck, David G.,</subfield><subfield code="e">author.</subfield></datafield><datafield ind1="1" ind2="0" tag="245"><subfield code="a">Macroeconomics :</subfield><subfield code="b">integrating theory, policy and practice for a new era /</subfield><subfield code="c">David G. Tuerck.</subfield></datafield><datafield ind1=" " ind2=" " tag="250"><subfield code="a">First edition.</subfield></datafield><datafield ind1=" " ind2="1" tag="264"><subfield code="a">New York, New York (222 East 46th Street, New York, NY 10017) :</subfield><subfield code="b">Business Expert Press,</subfield><subfield code="c">2015.</subfield></datafield><datafield ind1=" " ind2=" " tag="300"><subfield code="a">1 online resource (249 pages)</subfield></datafield><datafield ind1=" " ind2=" " tag="336"><subfield code="a">text</subfield><subfield code="2">rdacontent</subfield></datafield><datafield ind1=" " ind2=" " tag="337"><subfield code="a">computer</subfield><subfield code="2">rdamedia</subfield></datafield><datafield ind1=" " ind2=" " tag="338"><subfield code="a">online resource</subfield><subfield code="2">rdacarrier</subfield></datafield><datafield ind1="1" ind2=" " tag="490"><subfield code="a">Economics collection,</subfield><subfield code="x">2163-7628</subfield></datafield><datafield ind1=" " ind2=" " tag="500"><subfield code="a">Part of: 2014 digital library.</subfield></datafield><datafield ind1=" " ind2=" " tag="504"><subfield code="a">Includes bibliographical references (pages 243-245) and index.</subfield></datafield><datafield ind1="0" ind2=" " tag="505"><subfield code="a">Introduction -- Macro measurements -- Individual equilibrium -- Saving -- Capital -- Labor, production, and economic growth -- Deficit spending -- Taxes and the macroeconomy -- Excess supply and excess demand -- Equilibrium low employment -- The great contraction -- Lessons from recent macroeconomic policy making -- The macroeconomic challenge.</subfield></datafield><datafield ind1=" " ind2=" " tag="506"><subfield code="a">Access restricted to authorized users and institutions.</subfield></datafield><datafield ind1="3" ind2=" " tag="520"><subfield code="a">Macroeconomics is the study of the economy as a whole and of work and saving choices of individual economic agents from which macroeconomic activity emerges. This book takes an integrative approach to that topic, showing how short-run and long-run forces operate simultaneously to determine the behavior of key economic indicators such as employment and real, inflation-adjusted GDP.</subfield></datafield><datafield ind1=" " ind2=" " tag="588"><subfield code="a">Title from PDF title page (viewed on December 7, 2014).</subfield></datafield><datafield ind1=" " ind2=" " tag="596"><subfield code="a">44</subfield></datafield><datafield ind1=" " ind2="0" tag="650"><subfield code="a">Macroeconomics.</subfield></datafield><datafield ind1=" " ind2="0" tag="830"><subfield code="a">Economics collection.</subfield><subfield code="x">2163-7628</subfield></datafield><datafield ind1="4" ind2="0" tag="856"><subfield code="3">University of Alberta Access</subfield><subfield code="u">http://site.ebrary.com/lib/ualbertagep/Doc?id=10991781</subfield></datafield><datafield ind1=" " ind2=" " tag="949"><subfield code="h">UAIN</subfield><subfield code="z">EBRARYBEP</subfield></datafield><datafield ind1=" " ind2=" " tag="926"><subfield code="a">Internet Access</subfield><subfield code="w">LC</subfield><subfield code="c">1</subfield><subfield code="i">6784295-1001</subfield><subfield code="l">INTERNET</subfield><subfield code="m">UAINTERNET</subfield><subfield code="r">Y</subfield><subfield code="s">Y</subfield><subfield code="t">E-RESOURCE</subfield><subfield code="u">1/16/2015</subfield><subfield code="x">E-BOOK</subfield><subfield code="z">EBRARYBEP</subfield></datafield></record>